@book{Taves09,
  publisher = {Princeton University Press},
  year = {2009},
  title = {Religious Experience Reconsidered: a Building Block Approach to the Study of Religion and Other Special Things},
  address = {Princeton},
  author = {Taves, Ann},
 }

@article{Taves15,
  title = {From weird experiences to revelatory events},
  journal = {Religion and Society},
  pages = {1--12},
  volume = {6},
  publisher = {Berghahn Journals},
  number = {1},
  year = {2015},
  author = {Taves, Ann},
}

@book{Taves16,
  publisher = {Princeton University Press},
  year = {2016},
  title = {Revelatory Events: Three Case Studies of the Emergence of New Spiritual Paths},
  address = {Princeton},
  author = {Taves, Ann},
}

@online{Hicks14,
	title = {God's Lonely Programmer},
	url = {https://motherboard.vice.com/en_us/article/wnj43x/gods-lonely-programmer},
	abstract = {Terry Davis, a schizophrenic programmer, has spent 10 years building an operating system to talk to God.},
	titleaddon = {Motherboard},
	author = {Hicks, Jesse},
	urldate = {2018-10-08},
	date = {2014-11-25},
	langid = {american},
	keywords = {Codes, Motherboard Show, Operating Systems, {TempleOS}, Terry Davis}
}

@online{Rice18,
	title = {Timeline of {TempleOS}},
	url = {https://timelines.issarice.com/wiki/Timeline_of_TempleOS},
	author = {Rice, Issa},
	urldate = {2018-12-14},
	date = {2018-09-25},
}

@article{Cecil18,
	title = {Man killed by train had tech following},
	url = {http://www.thedalleschronicle.com/news/2018/sep/07/man-killed-train-had-tech-following/},
	journaltitle = {Dalles Chronicle},
	author = {Cecil, Neita},
	urldate = {2018-12-14},
	date = {2018-09-07},
}
